<?xml version="1.0" encoding="UTF-8"?><collection xmlns="http://www.loc.gov/MARC21/slim"><record><leader>00466nam--2200181-i-4500</leader><controlfield tag="001">000018295</controlfield><controlfield tag="002">20161230</controlfield><controlfield tag="005">20161230201032</controlfield><controlfield tag="008">060222s1000------------r-----000-0-eng-d</controlfield><datafield ind1=" " ind2=" " tag="040"><subfield code="a">IFIN-HH</subfield></datafield><datafield ind1=" " ind2=" " tag="080"><subfield code="a">539.18/.19</subfield></datafield><datafield ind1="1" ind2=" " tag="100"><subfield code="a">Fano, U</subfield></datafield><datafield ind1="1" ind2="0" tag="245"><subfield code="a">Basic physics of atoms and molecules</subfield><subfield code="c">U. fano, l. fano</subfield></datafield><datafield ind1=" " ind2=" " tag="260"><subfield code="a">New York</subfield><subfield code="b">John Wiley &amp; Sons, Inc</subfield><subfield code="c">1959</subfield></datafield><datafield ind1=" " ind2=" " tag="300"><subfield code="a">XV + 414 P</subfield></datafield><datafield ind1="1" ind2=" " tag="700"><subfield code="a">Fano, L</subfield></datafield><datafield ind1=" " ind2=" " tag="852"><subfield code="a">14806</subfield><subfield code="c">539</subfield></datafield><datafield ind1=" " ind2=" " tag="CAT"><subfield code="a">Sys</subfield><subfield code="c">20110926</subfield><subfield code="h">161122</subfield></datafield></record></collection>